@article{marshall1998,
  title={Statistical confidence for likelihood-based paternity inference in natural populations},
  author={Marshall, T.C. and Slate, J. and Kruuk, L.E.B. and Pemberton, J.M.},
  journal={Molecular ecology},
  volume={7},
  number={5},
  pages={639--655},
  year={1998},
  publisher={Wiley Online Library}
}

@article{meagher1986,
  title={The relationship between single parent and parent pair genetic likelihoods in genealogy reconstruction},
  author={Meagher, Thomas R and Thompson, Elizabeth},
  journal={Theoretical Population Biology},
  volume={29},
  number={1},
  pages={87--106},
  year={1986},
  publisher={Elsevier}
}

@article{sobel2002detection,
  title={Detection and integration of genotyping errors in statistical genetics},
  author={Sobel, Eric and Papp, Jeanette C and Lange, Kenneth},
  journal={The American Journal of Human Genetics},
  volume={70},
  number={2},
  pages={496--508},
  year={2002},
  publisher={Elsevier}
}

@article{lincoln1992systematic,
  title={Systematic detection of errors in genetic linkage data},
  author={Lincoln, Stephen E and Lander, Eric S},
  journal={Genomics},
  volume={14},
  number={3},
  pages={604--610},
  year={1992},
  publisher={Elsevier}
}

@book{koller2009,
  title={Probabilistic graphical models: principles and techniques},
  author={Koller, Daphne and Friedman, Nir},
  year={2009},
  publisher={MIT press}
}

@article{browning2009unified,
  title={A unified approach to genotype imputation and haplotype-phase inference for large data sets of trios and unrelated individuals},
  author={Browning, Brian L and Browning, Sharon R},
  journal={The American Journal of Human Genetics},
  volume={84},
  number={2},
  pages={210--223},
  year={2009},
  publisher={Elsevier}
}
